@manual{sample,
  organization = {TU Dortmund, Fakultät Physik},
  title = {Versuch zum Literaturverzeichnis},
  year = 2022
}

@book{geschke,
  author         = {},
  editor         = {Dieter Geschke},
  publisher      = {Teubner},
  title          = {Physikalisches Praktikum},
  year           = {}
}

@book{walcher,
  author         = {Wilhelm Walcher},
  editor         = {},
  publisher      = {Teubner},
  title          = {Praktikum der Physik},
  year           = {}
}

@book{demtroeder,
  author         = {Wolfgang Demtröder},
  editor         = {},
  publisher      = {Springer},
  title          = {Experimentalphysik 1 - Mechanik und Wärme},
  year           = {}
}

@manual{va207,
title = {Versuchsanleitung zu Versuch Nr. 207: Das Kugelfall-Viskosimeter nach Höppler},
year = 2022,
organization = {Fakultät Physik, TU Dortmund},
}
